@BOOK{LIBROBENITO1,
AUTHOR={Benito Camelas},
TITLE={El libro innombrable},
PUBLISHER={Oveja Negra},
YEAR={2000},
edition={2nd Edition},
}
